<?xml version="1.0" encoding="UTF-8"?><record xmlns="http://www.loc.gov/MARC21/slim" xmlns:cinclude="http://apache.org/cocoon/include/1.0" xmlns:zs="http://www.loc.gov/zing/srw/">
  <leader>00406nz  a2200145n  4500</leader>
  <controlfield tag="001">no 96007821 </controlfield>
  <controlfield tag="003">DLC</controlfield>
  <controlfield tag="005">19960216051635.2</controlfield>
  <controlfield tag="008">960215n| acannaab|          |a aaa     c</controlfield>
  <datafield tag="010" ind1=" " ind2=" ">
    <subfield code="a">no 96007821 </subfield>
  </datafield>
  <datafield tag="035" ind1=" " ind2=" ">
    <subfield code="a">(OCoLC)oca04009783 </subfield>
  </datafield>
  <datafield tag="040" ind1=" " ind2=" ">
    <subfield code="a">OCl</subfield>
    <subfield code="c">OCl</subfield>
  </datafield>
  <datafield tag="100" ind1="1" ind2="0">
    <subfield code="a">Goscinny,</subfield>
    <subfield code="d">1926-1977.</subfield>
    <subfield code="t">AsteĚrix en Hispanie.</subfield>
    <subfield code="l">English</subfield>
  </datafield>
  <datafield tag="400" ind1="1" ind2="0">
    <subfield code="a">Goscinny,</subfield>
    <subfield code="d">1926-1977.</subfield>
    <subfield code="t">Asterix in Spain</subfield>
  </datafield>
  <datafield tag="670" ind1=" " ind2=" ">
    <subfield code="a">Asterix in Spain, 1995.</subfield>
  </datafield>
</record>